% Encoding: UTF-8

@article{seaton2024,
	title = {Spatio{-}temporal data integration for species distribution modelling in R{-}INLA},
	author = {Seaton, Fiona M. and Jarvis, Susan G. and Henrys, Peter A.},
	year = {2024},
	month = {05},
	date = {2024-05-20},
	journal = {Methods in Ecology and Evolution},
	doi = {10.1111/2041-210x.14356},
	url = {http://dx.doi.org/10.1111/2041-210X.14356},
	langid = {en}
}

@article{mostert2023pointedsdms,
  title={PointedSDMs: An R package to help facilitate the construction of integrated species distribution models},
  author={Mostert, Philip S and O'Hara, Robert B},
  journal={Methods in Ecology and Evolution},
  volume={14},
  number={5},
  pages={1200--1207},
  year={2023},
  publisher={Wiley Online Library},
  doi = {10.1111/2041-210X.14091},
  url = {http://dx.doi.org/10.1111/2041-210X.14091},
  langid = {en}
}

@Comment{jabref-meta: databaseType:bibtex;}
